<?xml version="1.0" encoding="UTF-8"?><collection xmlns="http://www.loc.gov/MARC21/slim"><record><leader>00379nam--2200121-i-4500</leader><controlfield tag="001">000015220</controlfield><controlfield tag="002">20161230</controlfield><controlfield tag="005">20161230201031</controlfield><controlfield tag="008">060222s1000------------r-----000-0-eng-d</controlfield><datafield ind1=" " ind2=" " tag="245"><subfield code="a">B.b.a.library</subfield></datafield><datafield ind1=" " ind2=" " tag="260"><subfield code="a">Structure And Function Of Energ Y-transducing Membranes. Proceedings</subfield></datafield><datafield ind1=" " ind2=" " tag="490"><subfield code="a">Amsterdam, Elsevier Scientific Publishing Co., 1977</subfield></datafield><datafield ind1=" " ind2=" " tag="700"><subfield code="a">Dam, K.Van And Gelder, B.F.Van</subfield></datafield></record></collection>